
@misc{uap,
  author = {SANS Institute},
  title  = {Consensus Policy Resource Community},
  year   = {2014},
  email  = {policy-resources@sans.org}
}

@misc{dbrp,
  author       = {SANS Institute},
  howpublished = {https://assets.contentstack.io},
  title        = {Data Breach Response Policy},
  year         = {2016},
  email        = {stephen@sans.edu}
}

@misc{drpp,
  author       = {SANS Institute},
  howpublished = {https://assets.contentstack.io},
  title        = {Disaster Recovery Plan Policy},
  year         = {2014},
  email        = {policy-resources@sans.org}
}